@Misc{android-studio,
title = {Android Studio IDE},
howpublished = {\url{http://developer.android.com/sdk/installing/studio.html}}
}

@Misc{gcm,
title = { Google Cloud Messaging for Android},
howpublished = {\url{http://developer.android.com/google/gcm/index.html}}
}

@Misc{android,
title = {Android Operating System},
howpublished = {\url{http://www.android.com/}}
}

@Misc{ios,
title = { Apple iOS 7},
howpublished = {\url{http://www.apple.com/es/ios/}}
}

@Misc{wp-beats-ios,
title = {Why IDC predicts Windows Phone will surpass iOS by 2016},
howpublished = {\url{http://www.wired.com/2012/06/why-idc-predicts-windows-phone-will-surpass-ios-by-2016/}}
}

@Misc{comscore-report-2014,
title = {ComScore Reports January 2014, US, Smartphone Subscriber Market Share},
howpublished = {\url{http://www.comscore.com/Insights/Press_Releases/2014/3/comScore_Reports_January_2014_US_Smartphone_Subscriber_Market_Share}}
}

@Misc{ios-development-requirements,
title = {Start Developing iOS applications},
howpublished = {\url{https://developer.apple.com/library/iOS/referencelibrary/GettingStarted/RoadMapiOS/index.html}}
}

@Misc{celery,
title = { Celery: Distributed Task Queue},
howpublished = {\url{http://www.celeryproject.org/}}
}

@Misc{cron,
title = {Cron, task scheduler},
howpublished = {\url{http://es.wikipedia.org/wiki/Cron_(Unix)}}
}

@Misc{mysql,
title= { MySQL, The world's most popular open source database},
howpublished = {\url{http://mysql.com}}
}

@Misc{sqlite,
title = { SQLite },
howpublished = {\url{https://sqlite.org/}}
}

@Misc{flask,
title = {Flask, a microframework for Python},
howpublished = {\url{http://flask.pocoo.org/}}
}

@Misc{bottle,
title = { Bottle: Python Web Framework },
howpublished = {\url{http://bottlepy.org/}}
}

@Misc{open-sans,
title = {Open Sans},
howpublished = {\url{http://opensans.com/}}
}

@Misc{facebook-acquires-whatsapp,
title = {Facebook to Acquire Whatsapp for \$19B},
howpublished = {\url{http://newsroom.fb.com/news/2014/02/facebook-to-acquire-whatsapp/}}
}

@Misc{amazon,
  title = {Amazon just lost \$4.8M after going down for 40 minutes},
  howpublished = {\url{http://www.geekwire.com/2013/amazon-lost-5m-40-minutes/}}
}

@Misc{hetznervq7,
title = {Hetzner vServer VQ7},
howpublished = {\url{http://www.hetzner.de/en/hosting/produkte_vserver/vq7}}
}

@Misc{ddos,
title = {Wikipedia, Denial-of-service attack},
howpublished = {\url{http://en.wikipedia.org/wiki/Denial-of-service_attack}}
}

@Misc{google-apps,
title = {Google Apps for Business},
howpublished = {\url{http://www.google.com/enterprise/apps/business/}}
}

@Misc{django,
title = {Django, the web framework for perfectionists with deadlines},
howpublished = {\url{http://www.djangoproject.com}}
}

@Misc{nginx,
title = {Nginx web server},
howpublished = {\url{http://nginx.org}}
}

@Misc{forja,
title = { JoseTomasTocino's GitHub - Forja de SiteUp},
howpublished = {\url{https://github.com/JoseTomasTocino/pfc-ii}}
}

@Misc{sublime-text,
title = {Sublime Text: The text editor you'll fall in love with},
howpublished = {\url{http://sublimetext.com}}
}

@Misc{emacs,
title = {GNU Emacs},
howpublished = {\url{http://www.gnu.org/software/emacs/}}
}

@Misc{draw.io,
title = {draw.io, a free online diagram drawing application},
howpublished = {\url{http://draw.io}}
}

@Misc{photoshop,
title = {Adobe Photoshop},
howpublished = {\url{http://www.adobe.com/es/products/photoshop.html}}
}

@Misc{virtualenv,
title = {VirtualEnv, a tool to create isolated Python environments},
howpublished = {\url{http://www.virtualenv.org/}}
}

@Misc{virtualenvwrapper,
title = {VirtualEnvWrapper, a set of extensions to VirtualEnv},
howpublished = {\url{http://virtualenvwrapper.readthedocs.org/}}
}

@Misc{pip,
title = {pip, a tool for installing Python packages},
howpublished = {\url{http://www.pip-installer.org/}}
}

@Misc{git,
title = {Git, a distributed version control system},
howpublished = {\url{http://git-scm.com/}}
}

@Misc{python,
title = {Python, the official website},
howpublished = {\url{https://www.python.org/}}
}

@Misc{httpbin,
title = {HttpBin, HTTP Client Testing Service},
howpublished = {\url{http://httpbin.org}}
}

@misc{django,
title = {Django, a web framework for perfectionists with deadlines},
howpublished = {\url{http://djangoproject.com}}
}

